% USE GOOGLE SCHOLAR TO GET BIBLATEX CITATION FORMATS FOR PAPERS

% this is an example
@ARTICLE{brown,
author={ Brown, W.C.},
journal={Microwave Theory and Tech., IEEE Trans. on}, title={The History of Power Transmission by Radio Waves},
year={1984},
month={sep},
volume={32},
number={9},
pages={ 1230 - 1242},
keywords={},
doi={10.1109/TMTT.1984.1132833},
ISSN={0018-9480},}

@misc{cloudflare,
title={{DDoS} Threat Report 2023 {Q4}},
year=2023,
authour={Cloudflare},
url={https://blog.cloudflare.com/ddos-threat-report-2023-q4/}
}


@misc{verizion,
title={2023 Data Breach Investigations Report},
year=2023,
authour={Verizon},
url={https://www.verizon.com/business/resources/Tf14/reports/2023-data-breach-investigations-report-dbir.pdf}
}

@article{ucar2017analysis,
  title={The analysis of firewall policy through machine learning and data mining},
  author={Ucar, Erdem and Ozhan, Erkan},
  journal={Wireless Personal Communications},
  volume={96},
  pages={2891--2909},
  year={2017},
  publisher={Springer}
}

@article{bagui2019using,
  title={Using machine learning techniques to identify rare cyber-attacks on the UNSW-NB15 dataset},
  author={Bagui, Sikha and Kalaimannan, Ezhil and Bagui, Subhash and Nandi, Debarghya and Pinto, Anthony},
  journal={Security and Privacy},
  volume={2},
  number={6},
  pages={e91},
  year={2019},
  publisher={Wiley Online Library}
}


@inproceedings{moustafa2015unsw,
  title={UNSW-NB15: a comprehensive data set for network intrusion detection systems (UNSW-NB15 network data set)},
  author={Moustafa, Nour and Slay, Jill},
  booktitle={2015 military communications and information systems conference (MilCIS)},
  pages={1--6},
  year={2015},
  organization={IEEE}
}


@incollection{bhati2022ensemble,
  title={An ensemble model for network intrusion detection using adaboost, random forest and logistic regression},
  author={Bhati, Nitesh Singh and Khari, Manju},
  booktitle={Applications of Artificial Intelligence and Machine Learning: Select Proceedings of ICAAAIML 2021},
  pages={777--789},
  year={2022},
  publisher={Springer}
}

@article{viegas2017toward,
  title={Toward a reliable anomaly-based intrusion detection in real-world environments},
  author={Viegas, Eduardo K and Santin, Altair O and Oliveira, Luiz S},
  journal={Computer Networks},
  volume={127},
  pages={200--216},
  year={2017},
  publisher={Elsevier}
}
